@inproceedings{Hoffman2016,
  author    = {Hoffman, Guy},
  title     = {{OpenWoZ}: A Runtime-Configurable {Wizard-of-Oz} Framework for {Human-Robot} Interaction},
  booktitle = {Proceedings of the 2016 AAAI Spring Symposium},
  year      = {2016},
  publisher = {AAAI},
  url       = {www.aaai.org}
}

@article{Hoffman2020,
  author    = {Hoffman, Guy and Zhao, X.},
  title     = {A {Primer} for Conducting Experiments in {Human--Robot} Interaction},
  journal   = {Journal of Human-Robot Interaction},
  volume    = {10},
  number    = {1},
  year      = {2020},
  month     = oct,
  articleno = {6},
  numpages  = {31},
  publisher = {ACM},
  address   = {New York, NY, USA},
  doi       = {10.1145/3412374},
  url       = {https://doi.org/10.1145/3412374},
  keywords  = {Experimental studies, research methods, statistical analysis}
}

@inproceedings{Lu2011,
  author    = {Lu, David V. and Smart, W.D.},
  title     = {Polonius: A {Wizard} of {Oz} Interface for {HRI} Experiments},
  booktitle = {Proceedings of the 6th ACM/IEEE International Conference on Human-Robot Interaction (HRI)},
  year      = {2011},
  doi       = {10.1145/1957656.1957729},
  keywords  = {Humans, Encoding, Robot sensing systems, Educational institutions, Graphical user interfaces}
}

@inproceedings{Porcheron2020,
  author    = {Porcheron, Martin and Fischer, J.E. and Valstar, M.},
  title     = {{NottReal}: A Tool for Voice-based {Wizard} of {Oz} Studies},
  booktitle = {Proceedings of the 2nd Conference on Conversational User Interfaces},
  series    = {CUI '20},
  year      = {2020},
  pages     = {},
  publisher = {ACM},
  address   = {New York, NY, USA},
  location  = {Bilbao, Spain},
%  isbn      = {9781450375443},
%  doi       = {10.1145/3405755.3406168},
%  url       = {https://doi.org/10.1145/3405755.3406168},
  keywords  = {woz, vuis, voice interfaces, conversational interfaces}
}

@article{Riek2012,
  author    = {Riek, Laurel D.},
  title     = {{Wizard} of {Oz} Studies in {HRI}: A Systematic Review and New Reporting Guidelines},
  journal   = {Journal of Human-Robot Interaction},
  volume    = {1},
  number    = {1},
  year      = {2012},
  month     = jul,
  pages     = {119--136},
  numpages  = {18},
  publisher = {Journal of Human-Robot Interaction Steering Committee},
 % doi       = {10.5898/JHRI.1.1.Riek},
 %vurl       = {https://doi.org/10.5898/JHRI.1.1.Riek},
  keywords  = {Wizard of Oz, human-robot interaction, methodology, reporting guidelines, systematic review}
}

@article{Rietz2021,
  author   = {Rietz, Finn and Sutherland, A. and Bensch, S. and Wermter, S. and Hellstr{\"o}m, T.},
  title    = {{WoZ4U}: An Open-Source {Wizard-of-Oz} Interface for Easy, Efficient and Robust {HRI} Experiments},
  journal  = {Frontiers in Robotics and AI},
  volume   = {8},
  year     = {2021},
 % doi      = {10.3389/frobt.2021.668057},
 % url      = {https://www.frontiersin.org/articles/10.3389/frobt.2021.668057},
  issn     = {2296-9144}
}

@misc{next,
  title = {Next.js by {Vercel} - The {React} Framework for the Web},
  note  = {[\url{http://nextjs.org}]}
}

@misc{trpc,
  title = {{TypeScript} Remote Procedure Call},
  note  = {[\url{https://trpc.io}]}
}

@inproceedings{Porfirio2023,
  author    = {Porfirio, David and Roberts, M. and Hiatt, L.M.},
  title     = {Guidelines for a {Human-Robot Interaction} Specification Language},
  booktitle = {Proceedings of the 32nd IEEE International Conference on Robot and Human Interactive Communication (RO-MAN)},
  year      = {2023},
  pages     = {},
 % doi       = {10.1109/RO-MAN57019.2023.10309563},
  %keywords  = {Human-robot interaction, Specification languages, Robots, Guidelines}
}

@inproceedings{Pettersson2015,
  author    = {Pettersson, John S\"{o}ren and Wik, M.},
  title     = {The Longevity of General Purpose {Wizard-of-Oz} Tools},
  booktitle = {Proceedings of the Annual Meeting of the Australian Special Interest Group for Computer Human Interaction (OzCHI '15)},
  year      = {2015},
  pages     = {},
  publisher = {ACM},
  address   = {New York, NY, USA},
  location  = {Parkville, VIC, Australia},
  %isbn      = {9781450336734},
  %doi       = {10.1145/2838739.2838825},
  %url       = {https://doi.org/10.1145/2838739.2838825},
  % keywords  = {GUI articulation, Non-functional requirements, Software Sustainability, Wizard of Oz, Wizard user interface}
}

@inproceedings{OConnor2024,
  author    = {O'Connor, Sean and Perrone, L.F.},
  title     = {{HRIStudio}: A Framework for {Wizard-of-Oz} Experiments in {Human-Robot} Interaction Studies},
  booktitle = {33rd IEEE International Conference on Robot and Human Interactive Communication (RO-MAN) (late breaking report)},
  year      = {2024},
  address   = {Pasadena, CA, USA},
  month     = aug,
  %note      = {Late Breaking Report}
}

@inproceedings{Belhassein2019,
  author    = {Belhassein, K. and Buisan, G. and Clodic, A. and Alami, R.},
  title     = {Towards Methodological Principles for User Studies in {Human-Robot} Interaction},
  booktitle = {Test Methods and Metrics for Effective HRI in Collaborative Human-Robot Teams Workshop, ACM/IEEE International Conference on Human-Robot Interaction (HRI)},
  year      = {2019},
  month     = mar,
  address   = {Daegu, South Korea},
  %note      = {hal-02282600}
}

@article{Fraune2022,
  author    = {Fraune, Marlena R. and Leite, I. and Karatas, N. and Amirova, A. and Legeleux, A. and Sandygulova, A. and Neerincx, A. and Dilip Tikas, G. and Gunes, H. and Mohan, M. and Abbasi, N. I. and Shenoy, S. and Scassellati, B. and de Visser, E.J. and Komatsu, T.},
  title     = {Lessons Learned About Designing and Conducting Studies From {HRI} Experts},
  journal   = {Frontiers in Robotics and AI},
  volume    = {8},
  year      = {2022},
%  doi       = {10.3389/frobt.2021.772141},
  publisher = {Frontiers Media S.A.}
}

@inproceedings{Steinfeld2009,
  author    = {Steinfeld, Aaron and Jenkins, O. C. and Scassellati, B.},
  title     = {The {Oz} of {Wizard}: Simulating the Human for Interaction Research},
  booktitle = {Proceedings of the 4th ACM/IEEE International Conference on Human Robot Interaction (HRI)},
  year      = {2009},
  pages     = {},
  publisher = {ACM},
  address   = {La Jolla, California, USA},
  %doi       = {10.1145/1514095.1514115}
}

@inproceedings{Pot2009,
  author    = {Pot, E. and Monceaux, J. and Gelin, R. and Maisonnier, B.},
  title     = {Choregraphe: A Graphical Tool for Humanoid Robot Programming},
  booktitle = {Proceedings of the 18th IEEE International Symposium on Robot and Human Interactive Communication (RO-MAN)},
  year      = {2009},
  pages     = {},
  %doi       = {10.1109/ROMAN.2009.5326209},
  keywords  = {Humanoid robots, Robot programming, Mobile robots, Human robot interaction, Programming environments, Prototypes, Microcomputers, Software tools, Software prototyping, Man machine systems}
}
